<?xml version="1.0" encoding="UTF-8"?><collection xmlns="http://www.loc.gov/MARC21/slim"><record><leader>00517nam--2200181-i-4500</leader><controlfield tag="001">000034322</controlfield><controlfield tag="002">20161230</controlfield><controlfield tag="005">20161230201040</controlfield><controlfield tag="008">060222s1000------------r-----000-0-eng-d</controlfield><datafield ind1=" " ind2=" " tag="040"><subfield code="a">IFIN-HH</subfield></datafield><datafield ind1=" " ind2=" " tag="080"><subfield code="a">539.143.4:539.2</subfield></datafield><datafield ind1="1" ind2=" " tag="100"><subfield code="a">Noggle, Joseph H</subfield></datafield><datafield ind1="1" ind2="0" tag="245"><subfield code="a">The nuclear overhauser effect</subfield><subfield code="b">Chemical applications</subfield><subfield code="c">Joseph h. noggle, roger e. schimer</subfield></datafield><datafield ind1=" " ind2=" " tag="260"><subfield code="a">New York</subfield><subfield code="b">Academic Press</subfield><subfield code="c">1971</subfield></datafield><datafield ind1=" " ind2=" " tag="300"><subfield code="a">X + 259P</subfield></datafield><datafield ind1="1" ind2=" " tag="700"><subfield code="a">Schirmer, Roger E</subfield></datafield><datafield ind1=" " ind2=" " tag="852"><subfield code="a">37553</subfield><subfield code="c">539.14</subfield></datafield><datafield ind1=" " ind2=" " tag="CAT"><subfield code="a">Sys</subfield><subfield code="c">20120328</subfield><subfield code="h">143758</subfield></datafield></record></collection>